@article{KOKKOS,
  title = "Kokkos: Enabling manycore performance portability through polymorphic memory access patterns ",
  journal = "Journal of Parallel and Distributed Computing ",
  volume = "74",
  pages = "3202 - 3216",
  year = "2014",
  author = "H. Carter Edwards and Christian R. Trott and Daniel Sunderland"
}


@Electronic{SPACK,
  title        = {{A flexible package manager supporting multiple versions, configurations, platforms, and compilers}},
  howpublished = {{\url{https://spack.io}}}
}


@Electronic{OPENMP,
  title        = {{OpenMP 5.0 Specifications}},
  howpublished = {{\url{https://www.openmp.org/specifications/}}}
}

@Electronic{DPCPP,
  title        = {{Intel® oneAPI Base Toolkit}},
  howpublished = {{\url{https://software.intel.com/en-us/oneapi/base-kit\#specifications/}}}
}

@book{ERLANG,
title = {ERLANG Programming},
author = { Cesarini, Francesco and Thompson, Simon },
year = {2009},
Publisher = {O’Reilly Media, Inc.},
}

@article{Chapel,
author = {Chamberlain, B.L. and Callahan, D. and Zima, H.P.},
title = {Parallel Programmability and the Chapel Language},
year = {2007},
issue_date = {August    2007},
publisher = {Sage Publications, Inc.},
address = {USA},
volume = {21},
number = {3},
issn = {1094-3420},
url = {https://doi.org/10.1177/1094342007078442},
doi = {10.1177/1094342007078442},
journal = {Int. J. High Perform. Comput. Appl.},
month = aug,
pages = {291–312},
numpages = {22},
keywords = {parallel programming, productivity, programming models, Chapel, parallel languages}
}

@inproceedings{UPC++,
author = {Bachan, John and Bonachea, Dan and Hargrove, Paul H. and Hofmeyr, Steve and Jacquelin, Mathias and Kamil, Amir and van Straalen, Brian and Baden, Scott B.},
title = {The UPC++ PGAS Library for Exascale Computing},
year = {2017},
isbn = {9781450351232},
publisher = {Association for Computing Machinery},
address = {New York, NY, USA},
url = {https://doi.org/10.1145/3144779.3169108},
doi = {10.1145/3144779.3169108},
booktitle = {Proceedings of the Second Annual PGAS Applications Workshop},
articleno = {7},
numpages = {4},
keywords = {Exascale computing, PGAS, UPC++, Global Address Space},
location = {Denver, CO, USA},
series = {PAW17}
}
  


  



@Electronic{KOKKOS_LECTURE,
  title        = {{Kokkos Lecture Series}},
  howpublished = {{\url{https://github.com/kokkos/kokkos-tutorials/wiki/Kokkos-Lecture-Series}}}
}

@Electronic{KOKKOS_REPO,
  title        = {{Kokkos Programming Model GitHub Repository}},
  howpublished = {{\url{https://github.com/kokkos/}}}
}
@Electronic{KOKKOS_TUTORIAL,
  title        = {{Kokkos Tutorials}},
  howpublished = {{\url{https://github.com/kokkos/kokkos-tutorials/}}}
}
@Electronic{KOKKOS_WIKI,
  title        = {{The Kokkos Programming Model Wiki}},
  howpublished = {{\url{https://github.com/kokkos/kokkos/wiki}}}
}

@Electronic{KOKKOS_SLACK,
  title        = {{Kokkos Slack Channel}},
  howpublished = {{\url{https://kokkosteam.slack.com}}}
}

@Electronic{ECP,
  title        = {{Exascale Computing Project}},
  howpublished = {{\url{https://exascaleproject.org}}}
}

@inproceedings{Raja,
author = {Beckingsale, David and Hornung, Richard and Scogland, Tom and Vargas, Arturo},
title = {Performance Portable C++ Programming with RAJA},
year = {2019},
isbn = {9781450362252},
publisher = {Association for Computing Machinery},
address = {New York, NY, USA},
url = {https://doi.org/10.1145/3293883.3302577},
doi = {10.1145/3293883.3302577},
booktitle = {Proceedings of the 24th Symposium on Principles and Practice of Parallel Programming},
pages = {455–456},
numpages = {2},
keywords = {performance portability, parallel programming},
location = {Washington, District of Columbia},
series = {PPoPP ’19}
}
  

@TechReport{wg21_p0019,
  author       = {D. Sunderland and H. C. Edwards and H. Boehm and O. Giroux and M. Hoemmen and D. Hollman and B. Adelstein Lelbach and J. Maurer},
  title		     = {{P0019: Atomic Ref}},
  year		     = 2018,
  note		     = {https://wg21.link/P0019},
  institution	 = {{ISO/IEC JTC1/SC22/WG21, The C++ Standards Committee}}
}

@MISC{KOKKOSPROJS,
  title = {Apps using {Kokkos}},
  howpublished = {https://github.com/kokkos/kokkos/issues/1950},
  year = {2019}
 }

@INPROCEEDINGS{MDSPAN, 
author={D. {Hollman} and B. {Lelbach} and H. C. {Edwards} and M. {Hoemmen} and D. {Sunderland} and C. R. {Trott}}, 
booktitle={2019 IEEE/ACM International Workshop on Performance, Portability and Productivity in HPC (P3HPC)}, 
title={mdspan in C++: A Case Study in the Integration of Performance Portable Features into International Language Standards}, 
year={2019},  
pages={60-70},}
