@TechReport{wg21_is_14882:2017,
  author	     = {{ISO/IEC JTC1/SC22/WG21, The C++ Standards Committee}}
  title        = {{ISO International Standard 14882:2017, Programming Languages — C++}},
  year         = 2017,
  note         = {\url{https://www.iso.org/standard/68564.html}}
}

@TechReport{wg21_is_14882:2020_cd,
  author	     = {{ISO/IEC JTC1/SC22/WG21, The C++ Standards Committee}}
  title        = {{N4830: Committee Draft of ISO International Standard 14882:2020, Programming Languages — C++}},
  year         = 2019,
  note         = {\url{https://wg21.link/N4830}}
}

@TechReport{wg21_p0009,
  author       = {{H. Carter Edwards and Bryce Adelstein Lelbach and Daniel Sunderland and David Hollman and Christian Trott and Mauro Bianco and Ben Sander and Athanasios Iliopoulos and John Michopoulos and Mark Hoemmen}},
  title		     = {{P0009: \texttt{mdspan}: A Non-Owning Multidimensional Array Reference}},
  year		     = 2019,
  note		     = {\url{https://wg21.link/P0009}},
  institution	 = {{ISO/IEC JTC1/SC22/WG21, The C++ Standards Committee}}
}

@TechReport{wg21_p0019,
  author       = {{Daniel Sunderland and H. Carter Edwards and Hans Boehm and Olivier Giroux and Mark Hoemmen and David Hollman and Bryce Adelstein Lelbach and Jens Maurer}},
  title		     = {{P0019: Atomic Ref}},
  year		     = 2018,
  note		     = {https://wg21.link/P0019},
  institution	 = {{ISO/IEC JTC1/SC22/WG21, The C++ Standards Committee}}
}

@TechReport{wg21_p0856,
  author       = {{David S. Hollman and H. Carter Edwards and Christian Trott}},
  title		     = {{Restrict Access Property for \texttt{mdspan} and \texttt{span}}},
  year		     = 2018,
  note		     = {\url{https://wg21.link/P0856}},
  institution	 = {{ISO/IEC JTC1/SC22/WG21, The C++ Standards Committee}}
}

@TechReport{wg21_p0860,
  author       = {{David S. Hollman and H. Carter Edwards and Christian Trott}},
  title		     = {{Atomic Access Property for \texttt{mdspan}}},
  year		     = 2018,
  note		     = {\url{https://wg21.link/P0860}},
  institution	 = {{ISO/IEC JTC1/SC22/WG21, The C++ Standards Committee}}
}

@TechReport{wg21_p0900,
  author       = {{David Hollman}},
  title		     = {{P0900: An Ontology for Properties of \texttt{mdspan}}},
  year		     = 2019,
  note		     = {\url{https://wg21.link/P0900}},
  institution	 = {{ISO/IEC JTC1/SC22/WG21, The C++ Standards Committee}}
}

@TechReport{wg21_p1386,
  author       = {{Guy Somberg and Guy Davidson and Timur Doumler}},
  title		     = {{P1386: A Standard Audio API for C++: Motivation, Scope, and Basic Design}},
  year		     = 2019,
  note		     = {\url{https://wg21.link/P1386}},
  institution	 = {{ISO/IEC JTC1/SC22/WG21, The C++ Standards Committee}}
}

@TechReport{wg21_p1673,
  author       = {{Mark Hoemmen and David Hollman and Christian Trott and Daniel Sunderland and Nevin Liber and Siva Rajamanickam and Li-Ta Lo and Graham Lopez and Peter Caday and Sarah Knepper and Piotr Luszczek and Timothy Costa}},
  title		     = {{P1673: A Free Function Linear Algebra Interface Based on the BLAS}},
  year		     = 2019,
  note		     = {\url{https://wg21.link/P1673}},
  institution	 = {{ISO/IEC JTC1/SC22/WG21, The C++ Standards Committee}}
}

@Electronic{cppreference_span,
  title        = {{cppreference.com documentation for \texttt{std::span}}},
  howpublished = {{\url{https://en.cppreference.com/w/cpp/container/span}}}
}

@Electronic{cppreference_string_view,
  title        = {{cppreference.com documentation for \texttt{std::string\_view}}},
  howpublished = {{\url{https://en.cppreference.com/w/cpp/string/basic_string_view}}}
}

@Electronic{cppreference_vector,
  title        = {{cppreference.com documentation for \texttt{std::vector}}},
  howpublished = {{\url{https://en.cppreference.com/w/cpp/container/vector}}},
}

@Electronic{cppreference_allocator_ntr,
  title        = {{cppreference.com documentation for \texttt{Allocator}}},
  howpublished = {{\url{https://en.cppreference.com/w/cpp/named_req/Allocator}}}
}
