
@article{CarterEdwards20143202,
  title = "Kokkos: Enabling manycore performance portability through polymorphic memory access patterns ",
  journal = "Journal of Parallel and Distributed Computing ",
  volume = "74",
  number = "12",
  pages = "3202 - 3216",
  year = "2014",
  note = "Domain-Specific Languages and High-Level Frameworks for High-Performance Computing ",
  issn = "0743-7315",
  doi = "https://doi.org/10.1016/j.jpdc.2014.07.003",
  url = "http://www.sciencedirect.com/science/article/pii/S0743731514001257",
  author = "H. Carter Edwards and Christian R. Trott and Daniel Sunderland"
}
